@article{shah2017performance,
  title={Performance and Comparative Analysis of SISO, SIMO, MISO, MIMO},
  author={Shah, Chintan R.},
  journal={International Journal of Wireless Communication and Simulation},
  volume={9},
  number={1},
  pages={1--14},
  year={2017}
}

@article{bjornson2015achievable,
  title={Achievable Rate of Rician Large-Scale MIMO Channels with Transceiver Hardware Impairments},
  author={Bj{\"o}rnson, Emil and Matthaiou, Michail and Debbah, M{\'e}rouane},
  journal={arXiv preprint arXiv:1507.04244},
  year={2015}
}

@article{caire2017achievable,
  title={Achievable Rates for Probabilistic Shaping},
  author={Caire, Giuseppe and Alvarado, Alex and Yagi, Hideki},
  journal={arXiv preprint arXiv:1707.01134},
  year={2017}
}

@article{he2016deep,
  title={Deep Residual Learning for Image Recognition},
  author={He, Kaiming and Zhang, Xiangyu and Ren, Shaoqing and Sun, Jian},
  booktitle={Proceedings of the IEEE conference on computer vision and pattern recognition},
  pages={770--778},
  year={2016}
}

@article{woo2018cbam,
  title={CBAM: Convolutional Block Attention Module},
  author={Woo, Sanghyun and Park, Jongchan and Lee, Joon-Young and Kweon, In So},
  journal={Proceedings of the European conference on computer vision (ECCV)},
  pages={3--19},
  year={2018}
}

@article{badr2019lmmse,
  title={LMMSE channel estimation in OFDM context: a review},
  author={Badr, Mohamed and Leduc, Pascal and Gagnon, Fran{\c{c}}ois},
  journal={IET Signal Processing},
  volume={13},
  number={2},
  pages={129--135},
  year={2019},
  publisher={Wiley Online Library}
}

@article{bagadi2010mimo,
  title={MIMO-OFDM Channel Estimation Using Pilot Carries},
  author={Bagadi, K. Praveen and Das, Susmita},
  journal={International Journal of Computer Applications},
  volume={2},
  number={3},
  pages={81--86},
  year={2010}
}

@article{nguyen2019efficient,
  title={Efficient QC-LDPC Encoder for 5G New Radio},
  author={Nguyen, T. T. Bao and Nguyen, T. T. and Lee, H.},
  journal={Electronics},
  volume={8},
  number={6},
  pages={668},
  year={2019}
}

@article{pessoa2020cdl,
  title={A CDL-Based Channel Model with Dual-Polarized Antennas for 5G MIMO Systems in Rural Remote Areas},
  author={Pessoa, A. M. and Sokal, B. and Silva, C. F. M. E. and Maciel, T. F. and de Almeida, A. L. F. and Cavalcanti, F. R. P.},
  journal={IEEE Access},
  volume={8},
  pages={174248--174263},
  year={2020},
  publisher={IEEE}
}

@article{gansekoele2025joint,
  title={Joint Demapping of QAM and APSK Constellations Using Machine Learning},
  author={Gansekoele, A. and Balatsoukas-Stimming, A. and Brusse, T. and Hoogendoorn, M. and Bhulai, S. and van der Mei, R.},
  journal={IEEE Open Journal of the Communications Society},
  volume={6},
  pages={1695--1710},
  year={2025},
  publisher={IEEE}
}

@article{nguyen2021low,
  title={Low-Complexity High-Throughput QC-LDPC Decoder for 5G New Radio Wireless Communication},
  author={Nguyen, T. T. Bao and Nguyen, T. T. and Lee, H.},
  journal={Electronics},
  volume={10},
  number={4},
  pages={516},
  year={2021}
}

@misc{sionna,
  title = {Sionna {RT}: {A} Modular {Python} Library for Next-Generation Physical Layer Research},
  author = {Hoydis, Jakob and Cammerer, Sebastian and {Aoudia}, Fay{\c{c}}al Ait and Vem, Avinash and Binder, Nikolaus and Marcus, Guillermo and Keller, Alexander},
  howpublished = {\url{https://nvlabs.github.io/sionna/}},
  note = {Accessed: 2024-06-15}
}

@article{levis2020deeprx,
  title={DeepRx: Fully Convolutional Deep Learning Receiver},
  author={Levis, Kfir M. and Liani, Idan and Gurevitz, Idan and Litsyn, Simon},
  journal={arXiv preprint arXiv:2005.01494},
  year={2020}
}

@article{levis2020end,
  title={End-to-end Learning for OFDM: From Neural Receivers to Pilotless Communication},
  author={Levis, Kfir M. and Liani, Idan and Gurevitz, Idan and Litsyn, Simon},
  journal={arXiv preprint arXiv:2009.05261},
  year={2020}
}

@misc{sionna2023neural,
  title = {Neural Receiver for {OFDM} {SIMO} Systems},
  author = {Hoydis, Jakob and Cammerer, Sebastian and {Aoudia}, Fay{\c{c}}al Ait},
  howpublished = {\url{https://nvlabs.github.io/sionna/phy/tutorials/Neural_Receiver.html}},
  year = {2023},
  note = {Accessed: 2024-06-15}
}